@article{launder1975progress,
  title={Progress in the Development of a Reynolds Stress Turbulence Closure},
  author={Launder, Brian Edward and Rodi, W},
  journal={J. Fluid Mech.},
  volume={68},
  pages={537--566},
  year={1975}
}

@inproceedings{mitsuishi1992user,
  title={A User-Friendly Manufacturing System for Hyper-Environments},
  author={Mitsuishi, Mamoru and others},
  booktitle={Proceedings IEEE International Conference on Robotics and Automation},
  pages={25--31},
  year={1992}
}

@article{mitsuishi1995neural,
  title={ニューラル・ネットワークと遺伝的アルゴリズムとを用いた高精密マシニングセンタの開発},
  author={光石{　衛} and ほか４名},
  journal={日本機械学会論文集 C 編},
  volume={第61巻},
  number={第591号},
  pages={4517--4522},
  year={1995}
}

@inbook{timoshenko1962theory,
  title={Theory of Elasticity},
  author={S. P. Timoshenko and J. N. Goodier},
  publisher={Kogakusha Company},
  address={Tokyo},
  pages={6-15},
  year={1962}
}

@inproceedings{kawaharazuka2018twimp,
  title={TWIMP: Two-Wheel Inverted Musculoskeletal Pendulum as a Learning Control Platform in the Real World with Environmental Physical Contact},
  author={K. Kawaharazuka, T. Makabe and others},
  booktitle={Proceedings of the 2018 IEEE-RAS 18th International Conference on Humanoid Robots (Humanoids2018)},
  pages={784--790},
  year={2018},
  organization={IEEE}
}

@inproceedings{makabe2018eye,
  title={Development of Movable Binocular High-Resolution Eye-Camera Unit for Humanoid and the Evaluation of Looking Around Fixation Control and Object Recognition},
  author={T. Makabe and others},
  booktitle={Proceedings of the 2018 IEEE-RAS 18th International Conference on Humanoid Robots (Humanoids2018)},
  pages={840--845},
  year={2018},
  organization={IEEE}
  }

@inproceedings{makabe2019module,
  title={Development of Joint Module with Two-speed Gear Transmission and Joint Lock Mechanism during Driving for Task Adaptable Robot (in press)},
  author={T. Makabe and others},
  booktitle={2019 IEEE/RSJ International Conference on Intelligent Robots and Systems (IROS2019)},
  year={2019},
  organization={IEEE}
}

@inproceedings{kawaharazuka2019musashi,
  title={Component Modularized Design of Musculoskeletal Humanoid Platform Musashi to Investigate Learning Control Systems (in press)},
  author={K. Kawaharazuka and S. Makino and K. Tsuzuki and M. Onitsuka and Y. Nagamatsu and K. Shinjo and T. Makabe and Y. Asano and K. Okada and K. Kawasaki and M. Inaba},
  booktitle={2019 IEEE/RSJ International Conference on Intelligent Robots and Systems (IROS2019)},
  year={2019},
  organization={IEEE}
}
